
@misc{noauthor_nouveau_nodate,
	title = {Nouveau mode opératoire des criminels à {Lubumbashi}: des corps sans vie ligotés et abandonnés},
	url = {https://actualite.cd/2023/02/14/nouveau-mode-operatoire-des-criminels-lubumbashi-des-corps-sans-vie-ligotes-et},
}

@misc{noauthor_haut-katanga_nodate,
	title = {Haut-{Katanga} : l'église catholique appelle l'{Assemblée} provinciale à enquêter sur l'insécurité persistante et les violations de droits humains à {Lubumbashi}},
	url = {https://actualite.cd/2023/05/18/haut-katanga-leglise-catholique-appelle-lassemblee-provinciale-enqueter-sur-linsecurite},
}

@article{koshinaka_takafumi_safety_2019,
	title = {Safety, {Security}, and {Convenience}: {The} {Benefits} of {Voice} {Recognition} {Technology}},
	url = {https://www.nec.com/en/global/techrep/journal/g18/n02/180218.html},
	abstract = {We use our voices all the time to communicate with one another. Talking is the simplest and easiest means of in-
formation transmission. It could also be one of the simplest means of identification. Recent advances in comput-
ing technology have made voice recognition — a biometric technology based on the unique characteristics spe-
cific to an individual’s voice — more convenient, safer, and more secure than ever. In this paper, we review the
current state of voice recognition technology and show how deep learning — the core of contemporary AI tech-
nology — is providing the key to unlock the power of biometrics. We will also look in some detail at NEC’s work
in the field of voice recognition technology, which is at the forefront of worldwide efforts to make this technology
accessible and reliable. Finally, we discuss potential industrial applications for voice recognition technology such
as public safety solutions.},
	journal = {NEC Technical Journal,Vol.13 No.2},
	author = {{KOSHINAKA Takafumi} and {LEE Kong Aik}},
	month = apr,
	year = {2019},
}

@phdthesis{leila_kerkeni_analyse_nodate,
	title = {Analyse acoustique de la voix pour la détection des émotions du locuteur},
	abstract = {L’objectif de cette thèse est de proposer un système de reconnaissance automatique des émotions
(RAE) par analyse de la voix pour une application dans un contexte pédagogique d’orchestration
de classe. Ce système s’appuie sur l’extraction, par démodulation en amplitude et en fréquence,
de nouvelles caractéristiques de la voix considérée comme un signal multi-composantes modulé
en amplitude et en fréquence (AM-FM), non-stationnaire et issue d’un système non-linéaire.
Cette démodulation est basée sur l’utilisation conjointe de la décomposition en modes empi-
riques (EMD) et de l’opérateur d’énergie de Teager-Kaiser (TKEO). Dans ce système, le modèle
discret (ou catégoriel) a été retenu pour représenter les six émotions de base (la tristesse, la
colère, la joie, le dégoût, la peur et la surprise) et l’émotion dite neutre. La reconnaissance au-
tomatique a été optimisée par la recherche de la meilleure combinaison de caractéristiques, la
sélection des plus pertinentes et par la comparaison de différentes approches de classification.
Deux bases de données émotionnelles de référence, l’une en allemand et l’autre en espagnol, ont
servi à entrainer et évaluer ce système. Une nouvelle base de données en français, plus appropriée
pour le contexte pédagogique a été construite, testée et validée.},
	school = {Le Mans Université},
	author = {{Leila Kerkeni}},
}

@misc{noauthor_lubumbashi_2023,
	title = {Lubumbashi : 8 corps sans vie ramassés en une semaine},
	url = {https://7sur7.cd/2023/02/13/lubumbashi-8-corps-sans-vie-ramasses-en-une-semaine},
	urldate = {2023-06-25},
	journal = {https://7sur7.cd/},
	month = feb,
	year = {2023},
}

@misc{polaris,
	title = {Polaris: {How} to find the {North} {Star}},
	url = {http://www.space.com/15567-north-star-polaris. html},
	urldate = {2023-08-02},
}

@book{michael_brian_schiffer_electric_2005,
	title = {The {Electric} {Lighthouse} in the {Nineteenth} {Century}: {Aid} to {Navigation} and {Political} {Technology}},
	author = {{Michael Brian Schiffer}},
	year = {2005},
}

@book{frederic_chapin_lane_venice_1973,
	title = {Venice, {A} {Maritime} {Republic}},
	author = {{Frederic Chapin Lane}},
	year = {1973},
}

@article{p_daly_navstar_nodate,
	title = {Navstar {GPS} and {GLONASS}: {Global} satellite navigation systems},
	volume = {5},
	journal = {IOSR JECE : Journal of Electronics and Communication Engineering},
	author = {{P. Daly}},
}

@phdthesis{frederic_evennou_techniques_2007,
	title = {Techniques et technologies de localisation avancées pour terminaux mobiles dans les environnements indoor},
	school = {Université Joseph-Fourier - Grenoble I},
	author = {{Frédéric Evennou}},
	year = {2007},
}

@article{w_guier_and_g_weiffenbach_genesis_1997,
	title = {Genesis of {Satellite} {Navigation}},
	journal = {Johns Hopkins APL Digest},
	author = {{W. Guier and G. Weiffenbach}},
	year = {1997},
}

@book{ivan_g_petrovski_gps_2014,
	title = {{GPS}, {GLONASS}, {Galileo}, and {BeiDou} for {Mobile} {Devices}},
	author = {{IVAN G. PETROVSKI}},
	year = {2014},
}

@book{bernhard_hofmann_wellenhof_gnss,
	title = {{GNSS} – {Global} {Navigation} {Satellite} {Systems} {GPS}, {GLONASS}, {Galileo}, and more},
	author = {{Bernhard Hofmann-Wellenhof} and {Herbert Lichtenegger} and {Elmar Wasle}},
}

@book{xavier_blanc_uml2,
	edition = {éd. Eyrolles},
	title = {{UML2} pour les développeurs : {Cours} avec exercices corrigés},
	author = {{Xavier Blanc} and {Isabelle Mounier}},
}

@book{jim_arlow_uml,
	edition = {Westford, Massachusetts: addison-wesley.},
	title = {{UML} 2.0 and the unified process: practical object-oriented analysis and design},
	author = {{JIM ARLOW} and {ILA NEUSTADT}},
}

@book{jason_bennett_agile,
	title = {Agile {Project} {Management} {Step}-by-{Step} {Guide} to {Agile} {Project} {Management}},
	author = {{Jason Bennett} and {Jennifer Bowen}},
}

@book{the_dsdm_consortium_dsdm,
	edition = {Second edition},
	title = {{DSDM} {Business} {Focused} {Development}},
	author = {{The DSDM Consortium}},
}

@book{mark_richards_fundamentals_nodate,
	title = {Fundamentals of {Software} {Architecture}},
	publisher = {O’Reilly Media, Inc.},
	author = {{Mark Richards} and {Neal Ford}},
}

@book{dmitry_jemerov_kotlin_nodate,
	title = {Kotlin in {Action}},
	publisher = {ed. MANNING},
	author = {{DMITRY JEMEROV} and {SVETLANA ISAKOVA}},
}

@inproceedings{andrew_g_howard_menglong_zhu_bo_chen_dmitry_kalenichenko_weijun_wang_tobias_weyand_marco_andreetto_hartwig_adam_mobilenets_nodate,
	title = {{MobileNets}: {Efficient} {Convolutional} {Neural} {Networks} for {Mobile} {Vision} {Applications}},
	author = {{Andrew G. Howard, Menglong Zhu, Bo Chen, Dmitry Kalenichenko, Weijun Wang, Tobias Weyand, Marco Andreetto, Hartwig Adam}},
}

@misc{noauthor_large-scale_nodate,
	title = {A large-scale dataset of manually annotated audio events},
	url = {https://research.google.com/audioset/},
	urldate = {2023-09-20},
}

@misc{noauthor_classification_nodate,
	title = {Classification du son avec {YAMNet}},
	url = {https://www.tensorflow.org/hub/tutorials/yamnet?hl=fr},
	urldate = {2023-09-20},
}

@book{jesse_james_garrett_elements_nodate,
	title = {The elements of user experience},
	author = {{Jesse James Garrett}},
}

@misc{noauthor_services_nodate,
	title = {Services overview},
	url = {https://developer.android.com/guide/components/services},
	urldate = {2023-09-21},
}

@misc{noauthor_ml_2023,
	title = {{ML} for {Mobile} and {Edge} {Devices} - {TensorFlow} {Lite}},
	month = sep,
	year = {2023},
}

@article{harley_vera_data_nodate,
	title = {Data {Modeling} for {NoSQL} {Document}-{Oriented} {Databases}},
	journal = {Department of Computer Science University of Bras´ılia},
	author = {{Harley Vera} and {Wagner Boaventura} and {Maristela Holanda} and {Valeria Guimaraes} and {Fernanda Hondo}},
}
